@book{inteloptimize,
    author        = {{Intel Corporation}},
    title         = {{Intel\textsuperscript{\textregistered} 64 and IA-32 Architectures Optimization Reference Manual}},
    year          = {2014},
    month         = {September},
    number        = {248966-030},
}
